<?xml version="1.0" encoding="UTF-8"?><collection xmlns="http://www.loc.gov/MARC21/slim"><record><leader>00457nam--2200181-i-4500</leader><controlfield tag="001">000044897</controlfield><controlfield tag="002">20161230</controlfield><controlfield tag="005">20161230201044</controlfield><controlfield tag="008">060222s1000------------r-----000-0-eng-d</controlfield><datafield ind1=" " ind2=" " tag="040"><subfield code="a">IFIN-HH</subfield></datafield><datafield ind1=" " ind2=" " tag="080"><subfield code="a">519</subfield></datafield><datafield ind1="1" ind2=" " tag="100"><subfield code="a">Thorp, Edward O</subfield></datafield><datafield ind1="1" ind2="0" tag="245"><subfield code="a">Elementary probability</subfield><subfield code="c">Edward O. Thorp</subfield></datafield><datafield ind1=" " ind2=" " tag="260"><subfield code="a">New York, John Wiley &amp; Sons, Inc., 1966</subfield></datafield><datafield ind1=" " ind2=" " tag="300"><subfield code="a">X + 152P</subfield></datafield><datafield ind1=" " ind2=" " tag="650"><subfield code="a">Probability</subfield></datafield><datafield ind1=" " ind2=" " tag="852"><subfield code="a">24465</subfield><subfield code="c">519.2</subfield></datafield><datafield ind1=" " ind2=" " tag="CAT"><subfield code="a">Sys</subfield><subfield code="c">20100521</subfield><subfield code="h">095602</subfield></datafield></record></collection>